@article{bonnin2016presentation,
	title = {Presentation of the New SOLPS-ITER Code Package for},
	author = {Bonnin, X and Dekeyser, W and Pitts, R and Coster, D and
	          Voskoboynikov, S and Wiesen, S},
	journal = {Plasma and Fusion Research},
	volume = {11},
	number = {Specialissue1},
	pages = {1--6},
	year = {2016},
}

@techreport{candy2017atom,
	title = {AToM (Advanced Tokamak Modeling)},
	author = {Candy, Jeff},
	year = {2017},
	institution = {General Atomics, San Diego, CA (United States)},
}
@techreport{sircar2022fermi,
	title = {FERMI: A multi-physics simulation environment for fusion
	         reactor blanket},
	author = {Sircar, Arpan and Bae, Jin Whan and Peterson, Ethan and
	          Solberg, Jerome and Badalasi, V},
	year = {2022},
	institution = {Lawrence Livermore National Lab.(LLNL), Livermore, CA
	               (United States)},
}

@article{badalassi2023fermi,
	title = {FERMI: fusion energy reactor models integrator},
	author = {Badalassi, V and Sircar, A and Solberg, JM and Bae, JW and
	          Borowiec, K and Huang, P and Smolentsev, S and Peterson, E},
	journal = {Fusion Science and Technology},
	volume = {79},
	number = {3},
	pages = {345--379},
	year = {2023},
	publisher = {Taylor \& Francis},
}


@article{verboncoeur2005particle,
	title = {Particle simulation of plasmas: review and advances},
	author = {Verboncoeur, John P},
	journal = {Plasma Physics and Controlled Fusion},
	volume = {47},
	number = {5A},
	pages = {A231},
	year = {2005},
	publisher = {IOP Publishing},
}

@article{pinto2014charge,
	title = {Charge-conserving FEM--PIC schemes on general grids},
	author = {Pinto, Martin Campos and Jund, S{\'e}bastien and Salmon, St{\'
	          e}phanie and Sonnendr{\"u}cker, Eric},
	journal = {Comptes Rendus Mecanique},
	volume = {342},
	number = {10-11},
	pages = {570--582},
	year = {2014},
	publisher = {Elsevier},
}
@inproceedings{boris1970relativistic,
	title = {Relativistic plasma simulation-optimization of a hybrid code},
	author = {Boris, Jay P and others},
	booktitle = {Proc. Fourth Conf. Num. Sim. Plasmas},
	pages = {3--67},
	year = {1970},
}

@article{bettencourt2021empire,
	title = {EMPIRE-PIC: a performance portable unstructured
	         particle-in-cell code},
	author = {Bettencourt, Matthew T and Brown, Dominic AS and Cartwright,
	          Keith L and Cyr, Eric C and Glusa, Christian A and Lin, Paul T
	          and Moore, Stan G and McGregor, Duncan AO and Pawlowski, Roger
	          P and Phillips, Edward G and others},
	journal = {Communications in Computational Physics},
	volume = {30},
	number = {SAND-2021-2806J},
	year = {2021},
	publisher = {Sandia National Lab.(SNL-NM), Albuquerque, NM (United
	             States)},
}
