@inproceedings{GEC_2020,
    author    = {
                 Steven Shannon  and 
                 Davide Curreli  and 
                 Corey Dechant   and 
                 Grayson Gall    and 
                 David Green     and
                 Casey Icenhor   and 
                 Shane Keniley   and 
                 Alexander D. Lindsay 
                },
    title     = "Open source plasma simulation in the MOOSE framework",
    year      = 2020,
    publisher = "Bulletin of the American Physical Society",
}

@inproceedings{GEC_2021,
    author    = {
                 Corey Dechant        and
                 Casey Icenhor        and
                 Grayson Gall         and
                 Shane Keniley        and 
                 Alexander D. Lindsay and  
                 Davide Curreli       and 
                 Steven Shannon     
                },
    title     = "Validation and Verification Methods for the Open Source Code: Zapdos",
    year      = 2021,
    publisher = "Bulletin of the American Physical Society",
}