%% LaTeX2e file `main.bib'
%% generated by the `filecontents' environment
%% from source `main' on 2024/09/19.
%%
@book{Knuth1986,
  author    = {Knuth, Donald E.},
  title     = {The {\TeX}book},
  year      = {1986},
  publisher = {Addison-Wesley},
  address   = {Reading, MA}
}
