 @article{alves2023foundations,
  title = {Foundations of plasma standards},
  author = {Alves, Lu{\'\i}s L and Becker, Markus M and van Dijk, Jan and Gans,
            Timo and Go, David B and Stapelmann, Katharina and Tennyson, Jonathan
            and Turner, Miles M and Kushner, Mark J},
  journal = {Plasma Sources Science and Technology},
  volume = {32},
  number = {2},
  pages = {023001},
  year = {2023},
  publisher = {IOP Publishing},
}

@article{boris1970relativistic,
  title = {Relativistic plasma simulation-optimization of a hybrid code},
  author = {Boris, Jay P and others},
  journal = {Proc. Fourth Conf. Num. Sim. Plasmas},
  pages = {3--67},
  year = {1970},
}

@book{birdsall2018plasma,
  title = {Plasma physics via computer simulation},
  author = {Birdsall, Charles K and Langdon, A Bruce},
  year = {2018},
  publisher = {CRC press},
}

@book{lieberman2005,
  place = {Hoboken (N.J.)},
  title = {Principles of plasma discharges and materials processing},
  publisher = {Interscience},
  author = {Lieberman, Michael A. and Lichtenberg, Allan J.},
  year = {2005},
} 

% Just using this as the jounral to make the title appear 
% this is only being done becuase techreport is not working properly
@article{carter2020powering,
  title = {Powering the future: Fusion \& plasmas},
  journal = {Powering the future: Fusion \& plasmas},
  author = {Carter, Troy and Baalrud, Scott and Betti, Riccardo and Ellis, Tyler
            and Foster, John and Geddes, Cameron and Gleason, Arianna and Holland
            , Chistopher and Humrickhouse, Paul and Kessel, Charles and others},
  year = {2020},
  institution = {US Department of Energy (USDOE), Washington, DC (United
                 States). Office of~â€¦},
}

 @article{lafleur2022space,
  title = {Space-charge affected current flow: an analytical verification
           solution for kinetic and fluid simulation models},
  author = {Lafleur, T},
  journal = {Plasma Sources Science and Technology},
  volume = {31},
  number = {11},
  pages = {114008},
  year = {2022},
  publisher = {IOP Publishing},
}

@article{pinto2014charge,
  title = {Charge-conserving FEM--PIC schemes on general grids},
  author = {Pinto, Martin Campos and Jund, S{\'e}bastien and Salmon, St{\'e}
            phanie and Sonnendr{\"u}cker, Eric},
  journal = {Comptes Rendus Mecanique},
  volume = {342},
  number = {10-11},
  pages = {570--582},
  year = {2014},
  publisher = {Elsevier},
}

@article{eastwood1991virtual,
  title = {The virtual particle electromagnetic particle-mesh method},
  author = {Eastwood, James W},
  journal = {Computer Physics Communications},
  volume = {64},
  number = {2},
  pages = {252--266},
  year = {1991},
  publisher = {Elsevier},
}

