@book{bird1994molecular,
  title = {Molecular gas dynamics and the direct simulation of gas flows},
  author = {Bird, Graeme A},
  year = {1994},
  publisher = {Oxford university press},
}
@book{bhatnagar1954model,
  keywords = {primary},
  title = {A model for collision processes in gases. I. Small amplitude
           processes in charged and neutral one-component systems},
  author = {Bhatnagar, Prabhu Lal and Gross, Eugene P and Krook, Max},
  publisher = {Physical review},
  volume = {94},
  number = {3},
  pages = {511},
  year = {1954},
  url = {https://doi.org/10.1103/PhysRev.94.511},
}
@book{sun2014validity,
  keywords = {primary},
  title = {On the validity of the Boltzmann-BGK model through relaxation
           evaluation},
  author = {Sun, Quan-Hua and Cai, Chun-Pei and Gao, Wei},
  publisher = {\textit{Acta Mechanica Sinica}},
  volume = {30},
  number = {2},
  pages = {133--143},
  year = {2014},
  doi = {10.1007/s10409-014-0017-x},
}

@book{bhatnagar1954model2,
  title = {A model for collision processes in gases. I. Small amplitude
           processes in charged and neutral one-component systems},
  author = {Bhatnagar, Prabhu Lal and Gross, Eugene P and Krook, Max},
  publisher = {Physical review},
  volume = {94},
  number = {3},
  pages = {511},
  year = {1954},
  url = {https://doi.org/10.1103/PhysRev.94.511},
}
@book{sun2014validity2,
  title = {On the validity of the Boltzmann-BGK model through relaxation
           evaluation},
  author = {Sun, Quan-Hua and Cai, Chun-Pei and Gao, Wei},
  publisher = {\textit{Acta Mechanica Sinica}},
  volume = {30},
  number = {2},
  pages = {133--143},
  year = {2014},
  doi = {10.1007/s10409-014-0017-x},
}@book{bhatnagar1954model3,
  title = {A model for collision processes in gases. I. Small amplitude
           processes in charged and neutral one-component systems},
  author = {Bhatnagar, Prabhu Lal and Gross, Eugene P and Krook, Max},
  publisher = {Physical review},
  volume = {94},
  number = {3},
  pages = {511},
  year = {1954},
  url = {https://doi.org/10.1103/PhysRev.94.511},
}
@book{sun2014validity3,
  title = {On the validity of the Boltzmann-BGK model through relaxation
           evaluation},
  author = {Sun, Quan-Hua and Cai, Chun-Pei and Gao, Wei},
  publisher = {\textit{Acta Mechanica Sinica}},
  volume = {30},
  number = {2},
  pages = {133--143},
  year = {2014},
  doi = {10.1007/s10409-014-0017-x},
}
@book{gallis2011investigation,
  keywords = {primary},
  title = {Investigation of the ellipsoidal-statistical Bhatnagar--Gross--Krook
           kinetic model applied to gas-phase transport of heat and tangential
           momentum between parallel walls},
  author = {Gallis, Michael A and Torczynski, John R},
  publisher = {\textit{Physics of Fluids}},
  volume = {23},
  number = {3},
  year = {2011},
  url = {https://doi.org/10.1063/1.3558869},
  %publisher = {AIP Publishing },
}@article{salamander2025,
  keywords = {primary},
  title = {Software For Advanced Large-scale Analysis Of Magnetic Confinement
           For Numerical Design, Engineering \& Research (salamander)},
  author = {Simon, Pierre-Clement and Icenhour, Casey and Harbour, Logan and
            Giudicelli, Guillaume and Shimada, Masashi and Yang, Lin and DeChant,
            Corey and Gaston, Derek and Lietz, Amanda and Gall, Grayson and
            others},
  year = {2025},
  institution = {Idaho National Engineering Laboratory (INEL), Idaho Falls, ID
                 (United States)},
  publisher = {\textit{OSTI}},
  journal = {\textit{OSTI}},
  url = {https://doi.org/10.11578/dc.20250611.2},
}

@article{gaston2021method,
  keywords = {primary},
  title = {Method of characteristics for 3D, full-core neutron transport on
           unstructured mesh},
  author = {Gaston, Derek R and Forget, Benoit and Smith, Kord S and Harbour,
            Logan H and Ridley, Gavin K and Giudicelli, Guillaume G},
  publisher = {\textit{Nuclear Technology}},
  journal = {\textit{Nuclear Technology}},
  volume = {207},
  number = {7},
  pages = {931--953},
  year = {2021},
  url = {https://doi.org/10.1080/00295450.2021.1871995},
}

@book{carter2020powering,
  keywords = {primary},
  title = {Powering the future: Fusion \& plasmas},
  author = {Carter, Troy and Baalrud, Scott and Betti, Riccardo and Ellis, Tyler
            and Foster, John and Geddes, Cameron and Gleason, Arianna and Holland
            , Chistopher and Humrickhouse, Paul and Kessel, Charles and others},
  year = {2020},
  institution = {US Department of Energy (USDOE), Washington, DC (United
                 States). Office of~â€¦},
  url = {https://doi.org/10.2172/1995209},
  publisher = {\textit{OSTI}},
}

@article{adamovich20222022,
  keywords = {primary},
  title = {The 2022 Plasma Roadmap: low temperature plasma science and
           technology},
  author = {Adamovich, Igor and Agarwal, Sumit and Ahedo, Eduardo and Alves, Lu{
            \i}s Lemos and Baalrud, Scott and Babaeva, Natalia and Bogaerts,
            Annemie and Bourdon, Anne and Bruggeman, Peter J and Canal, C and
            others},
  journal = {J. Phys. D},
  volume = {55},
  number = {37},
  pages = {373001},
  year = {2022},
  doi = {10.1088/1361-6463/ac5e1c},
  publisher = {\textit{Journal of Physics D: Applied Physics}},
}

@book{gall2024kinetic,
  keywords = {primary},
  title = {Kinetic Plasma Simulation in the MOOSE Framework: Verification of
           Electrostatic Particle In Cell Capabilities},
  author = {Gall, Grayson S and Lietz, Amanda M and Gaston, Derek R and Simon,
            Pierre-Clement A and Icenhour, Casey T and Harbour, Logan H},
  year = {2024},
  institution = {Idaho National Laboratory (INL), Idaho Falls, ID (United
                 States)},
  url = {https://doi.org/10.13182/PBNC24-45091},
  publisher = {\textit{OSTI}},
}
